<?xml version="1.0" encoding="UTF-8"?><collection xmlns="http://www.loc.gov/MARC21/slim"><record><leader>00501nam--2200193-u-4500</leader><controlfield tag="001">000050597</controlfield><controlfield tag="002">20161230</controlfield><controlfield tag="005">20161230201048</controlfield><controlfield tag="008">070926s1000------------r-----000-0-eng-d</controlfield><datafield ind1=" " ind2=" " tag="020"><subfield code="a">981-238-176-7</subfield></datafield><datafield ind1=" " ind2=" " tag="040"><subfield code="a">IFIN - HH</subfield></datafield><datafield ind1=" " ind2=" " tag="041"><subfield code="a">eng</subfield></datafield><datafield ind1="1" ind2=" " tag="100"><subfield code="a">Preparata Giuliano</subfield></datafield><datafield ind1="1" ind2="0" tag="245"><subfield code="a">An Introduction to a Realistic Quantum Physics</subfield><subfield code="c">Giuliano Preparata</subfield></datafield><datafield ind1=" " ind2=" " tag="260"><subfield code="a">New Jersey</subfield><subfield code="b">London</subfield><subfield code="c">2002</subfield></datafield><datafield ind1=" " ind2=" " tag="300"><subfield code="a">73 pag</subfield></datafield><datafield ind1=" " ind2="4" tag="650"><subfield code="a">Quantum Physics</subfield></datafield><datafield ind1=" " ind2=" " tag="852"><subfield code="c">530.145</subfield></datafield><datafield ind1=" " ind2=" " tag="CAT"><subfield code="a">Sys</subfield><subfield code="c">20110504</subfield><subfield code="h">140747</subfield></datafield></record></collection>